

@article{moses,
	author = "J. Lewis Fox, Charles C. Kankelborg, and Roger J. Thomas",
	title = "A Transition Region Explosive Event Observed in {He II} with the MOSES Sounding Rocket",
	journal = "The Astrophysical Journal",
	volume = "719",
	number = "",
	pages = "1132-1143",
	year = "2010",
	month = "August",
	note = "\url{http://solar.physics.montana.edu/MOSES/papers/2010/FoxKankelborgThomas2010.pdf}",
},

@article{uv_abs,
	author = "L.T. Molina and M.J. Molina",
	title = "Absolute absorption cross sections of ozone in the 185- to 350-nm wavelength range",
	journal = "Journal of Geophysical Research",
	volume = "91",
	number = "D13",
	pages = "14501-14508",
	year = "1986",
	month = "December",
},
